@article{lyubykh,
  title={Role of work breaks in well-being and performance: A systematic review and future research agenda.},
  author={Lyubykh, Zhanna and Gulseren, Duygu and Premji, Zahra and Wingate, Timothy G and Deng, Connie and B{\'e}langer, Lisa J and Turner, Nick},
  journal={Journal of Occupational Health Psychology},
  volume={27},
  number={5},
  pages={470--487},
  year={2022},
  publisher={Educational Publishing Foundation}
}

@article{tydecks,
  title={Biological field stations: A global infrastructure for research, education, and public engagement},
  author={Tydecks, Laura and Bremerich, Vanessa and Jentschke, Ilona and Likens, Gene E and Tockner, Klement},
  journal={BioScience},
  volume={66},
  number={2},
  pages={164--171},
  year={2016},
  publisher={Oxford University Press}
}

@article{hemingway,
  title={{M}onologue to the {M}aestro: {A} high seas letter},
  author={Hemingway, Ernest},
  journal={Esquire, Oct.},
  year={1935}
}

@article{bernery,
  title={Highlighting the positive aspects of being a PhD student},
  author={Bernery, Camille and Lusardi, L{\'e}o and Marino, Clara and Philippe-Lesaffre, Martin and Angulo, Elena and Bonnaud, Elsa and Gu{\'e}ry, Lorele{\"\i} and Manfrini, El{\'e}na and Turbelin, Anna and Albert, C{\'e}line and others},
  journal={eLife},
  volume={11},
  pages={e81075},
  year={2022},
  publisher={eLife Sciences Publications, Ltd}
}

@article{murray2013,
  title={‘It’s not a hobby’: {R}econceptualizing the place of writing in academic work},
  author={Murray, Rowena},
  journal={Higher Education},
  volume={66},
  number={1},
  pages={79--91},
  year={2013},
  publisher={Springer}
}

@article{omeara,
  title={Sense of belonging and its contributing factors in graduate education},
  author={O'Meara, Kerry Ann and Griffin, Kimberly A and Kuvaeva, Alexandra and Nyunt, Gudrun and Robinson, Tykeia N},
  journal={International Journal of Doctoral Studies},
  volume={12},
  pages={251--279},
  year={2017}
}

@article{menzies,
  title={No time to think: {A}cademics' life in the globally wired university},
  author={Menzies, Heather and Newson, Janice},
  journal={Time \& Society},
  volume={16},
  number={1},
  pages={83--98},
  year={2007},
  publisher={SAGE London, Los Angeles, New Delhi and Singapore}
}

@article{sand2007,
  title={How to write consistently boring scientific literature},
  author={Sand-Jensen, Kaj},
  journal={Oikos},
  volume={116},
  number={5},
  pages={723--727},
  year={2007},
  publisher={Wiley Online Library}
}

@article{murray2009,
  title={Writing retreat as structured intervention: {M}argin or mainstream?},
  author={Murray, Rowena and Newton, Mary},
  journal={Higher Education Research \& Development},
  volume={28},
  number={5},
  pages={541--553},
  year={2009},
  publisher={Taylor \& Francis}
}

@article{mcgrail2006,
  title={Publish or perish: {A} systematic review of interventions to increase academic publication rates},
  author={McGrail, Matthew R and Rickard, Claire M and Jones, Rebecca},
  journal={Higher Education Research \& Development},
  volume={25},
  number={1},
  pages={19--35},
  year={2006},
  publisher={Taylor \& Francis}
}

@book{cargill2021,
  title={Writing scientific research articles: {S}trategy and steps},
  author={Cargill, Margaret and O'Connor, Patrick},
  year={2021},
  publisher={John Wiley \& Sons}
}

@article{turbek2016,
  title={Scientific writing made easy: {A} step-by-step guide to undergraduate writing in the biological sciences},
  author={Turbek, Sheela P and Chock, Taylor M and Donahue, Kyle and Havrilla, Caroline A and Oliverio, Angela M and Polutchko, Stephanie K and Shoemaker, Lauren G and Vimercati, Lara},
  journal={The Bulletin of the Ecological Society of America},
  volume={97},
  number={4},
  pages={417--426},
  year={2016},
  publisher={Wiley Online Library}
}

@article{hotaling2020,
  title={Simple rules for concise scientific writing},
  author={Hotaling, Scott},
  journal={Limnol Oceanogr Lett},
  volume={5},
  number={6},
  pages={379--383},
  year={2020}
}

@article{weinberger2015,
  title={Ten simple (empirical) rules for writing science},
  author={Weinberger, Cody J and Evans, James A and Allesina, Stefano},
  journal={PLOS Computational Biology},
  volume={11},
  number={4},
  pages={e1004205},
  year={2015},
  publisher={Public Library of Science San Francisco, CA USA}
}

@article{mensh2017,
  title={Ten simple rules for structuring papers},
  author={Mensh, Brett and Kording, Konrad},
  journal={PLOS Computational Biology},
  volume={13},
  number={9},
  pages={e1005619},
  year={2017},
  publisher={Public Library of Science San Francisco, CA USA}
}

@article{grogan2021,
  title={Writing science: {W}hat makes scientific writing hard and how to make it easier},
  author={Grogan, Kathleen E},
  journal={The Bulletin of the Ecological Society of America},
  volume={102},
  number={1},
  pages={e01800},
  year={2021},
  publisher={Wiley Online Library}
}

@article{peterson2018,
  title={Ten simple rules for scientists: {I}mproving your writing productivity},
  author={Peterson, Todd C and Kleppner, Sofie R and Botham, Crystal M},
  journal={PLoS Computational Biology},
  volume={14},
  number={10},
  pages={e1006379},
  year={2018},
  publisher={Public Library of Science}
}

@article{papen2018,
  title={Writing retreats as a milestone in the development of PhD students’ sense of self as academic writers},
  author={Papen, Uta and Th{\'e}riault, Virginie},
  journal={Studies in Continuing Education},
  volume={40},
  number={2},
  pages={166--180},
  year={2018},
  publisher={Taylor \& Francis}
}

@article{eardley2021,
  title={Can academic writing retreats function as wellbeing interventions?},
  author={Eardley, Alison F and Banister, Emma and Fletcher, Marie},
  journal={Journal of Further and Higher Education},
  volume={45},
  number={2},
  pages={183--196},
  year={2021},
  publisher={Taylor \& Francis}
}

@book{carter2020,
  title={Doctoral writing: {P}ractices, processes and pleasures},
  author={Carter, Susan and Guerin, Cally and Aitchinson, C},
  year={2020},
  publisher={Springer}
}

@article{parsons2021,
  title={Peer review: the case for neutral language},
  author={Parsons, Christine E and Baglini, Rebekah B},
  journal={Trends in Cognitive Sciences},
  volume={25},
  number={8},
  pages={639--641},
  year={2021},
  publisher={Elsevier}
}


